@article{Vakali,
  title={Content delivery networks: Status and trends},
  author={Vakali, Athena and Pallis, George},
  journal={Internet Computing, IEEE},
  volume={7},
  number={6},
  year={2003},
  publisher={IEEE}
}
@incollection{cdnPopularSites,
  year={2010},
  isbn={978-3-642-12103-6},
  booktitle={Measurement, Modelling, and Evaluation of Computing Systems and Dependability and Fault Tolerance},
  volume={5987},
  series={Lecture Notes in Computer Science},
  editor={Müller-Clostermann, Bruno and Echtle, Klaus and Rathgeb, ErwinP.},
  doi={10.1007/978-3-642-12104-3_12},
  title={Traffic Properties, Client Side Cachability and CDN Usage of Popular Web Sites},
  url={http://dx.doi.org/10.1007/978-3-642-12104-3_12},
  publisher={Springer Berlin Heidelberg},
  author={Charzinski, Joachim},
  language={English}
}
@online{mobileUsers,
  year={2015},
  author = {Statista},
  title = {Number of mobile phone users worldwide from 2012 to 2018},
  url = {http://www.statista.com/statistics/274774/forecast-of-mobile-phone-users-worldwide},
  note = {Accessed: 2015-10-04}
}
@article{increasing-mobile,
  title={The wireless mobile internet},
  author={Jamalipour, Abbas},
  journal={John Wiely \& Sons Ltd},
  pages={368--384},
  year={2003}
}
@online{mobile-stats,
  year={2015},
  author = {Statista},
  title = {Global market share held by leading smartphone vendors from 4th quarter 2009 to 3rd quarter 2015},
  url = {http://www.statista.com/statistics/271496/global-market-share-held-by-smartphone-vendors-since-4th-quarter-2009/},
  note = {Accessed: 2016-1-26}
}
@article{miUsers,
  title={Mobile information access: A study of emerging search behavior on the mobile Internet},
  author={Church, Karen and Smyth, Barry and Cotter, Paul and Bradley, Keith},
  journal={ACM Transactions on the Web (TWEB)},
  year={2007},
  publisher={ACM}
}
@misc{cdnDefinition,
  title={Content delivery network},
  author={Gagliardi, Joshua D and Munger, Timothy S and Ploesser, Donald W},
  year={2012},
  publisher={Google Patents},
  note={US Patent 8,200,810}
}
@misc{telemetry,
author={Google},
title={Telemetry},
howpublished={\url{https://catapult.gsrc.io/telemetry}}
}
@misc{wpr,
author={Google},
title={Web Page Replay},
howpublished={\url{https://github.com/chromium/web-page-replay}}
}
@misc{benchmark,
author={Google},
title={Chromium Benchmark},
howpublished={\url{https://code.google.com/p/chromium/codesearch#chromium/src/tools/telemetry/telemetry/benchmark.py}}
}
@techreport{rfc7234,
  author = {R. Fielding, Ed., M. Nottingham, Ed., J. Reschke, Ed.},
  year = {2014},
  month = {6},
  title = {HTTP/1.1 Caching},
  howpublished = {Internet Requests for Comments},
  type="{RFC}",
  number=7234,
}

@inproceedings{flywheel,
 author = {V. Agababov and M. Buettner and V. Chudnovsky and M. Cogan and
   B. Greenstein and S. McDaniel and M. Piatek and C. Scott and
   M. Welsh and B. Yin},
 title = {Flywheel: Google's Data Compression Proxy for the Mobile Web},
 series = {NSDI '15},
 year = {2015}
}
@online{page-speed,
  year={2015},
  author = {Google Developers},
  title = {PageSpeed Insights},
  url = {https://developers.google.com/speed/docs/insights/about},
  note = {Accessed: 2016-1-11}
}
@online{alexa,
  year={2015},
  author = {Alexa Internet, Inc.},
  title = {Alexa Top 500 Global Sites},
  url = {http://www.alexa.com/topsites},
  note = {Accessed: 2015-9-12}
}
@misc{httparchive,
author={Google Web Page Replay},
title={HTTPArchive},
howpublished={\url{https://github.com/chromium/web-page-replay/blob/master/httparchive.py}}
}
@inproceedings{cache-link-usage1, 
author={Feldmann, A. and Caceres, R. and Douglis, F. and Glass, G. and Rabinovich, M.}, 
booktitle={INFOCOM '99. Eighteenth Annual Joint Conference of the IEEE Computer and Communications Societies. Proceedings. IEEE}, 
title={Performance of Web proxy caching in heterogeneous bandwidth environments}, 
year={1999}, 
doi={10.1109/INFCOM.1999.749258}, 
ISSN={0743-166X}, 
month={Mar}
}
@inproceedings{kroeger1997exploring,
  title={Exploring the Bounds of Web Latency Reduction from Caching and Prefetching.},
  author={Kroeger, Tom M and Long, Darrell DE and Mogul, Jeffrey C},
  booktitle={USENIX Symposium on Internet Technologies and Systems},
  pages={13--22},
  year={1997}
}
@misc{w3c-onload,
author={W3C},
title={Navigation Timing Level 2 Spec},
howpublished={\url{http://w3c.github.io/navigation-timing/}}
}
@misc{w3c-addEventListener,
author={Mozilla},
title={EventTarget.addEventListener()},
howpublished={\url{https://developer.mozilla.org/en-US/docs/Web/API/EventTarget/addEventListener}}
}
@misc{chromium-source,
author={Google Chromium},
title={Google},
howpublished={\url{https://www.chromium.org/}}
}
@misc{sanity-checks,
author={Jamshed Vesuna},
title={Sanity Checks},
howpublished={\url{https://github.com/colin-scott/page_load_time/tree/master/telemetry/sanity_checks}}
}
@misc{jamshed-telemetry,
author={Jamshed Vesuna},
publisher = {GitHub},
title={Telemetry, Web Page Replay Experimental Apparatus},
howpublished={\url{https://github.com/JamshedVesuna/telemetry}}
}
@misc{target-urls,
author={Jamshed Vesuna},
publisher = {GitHub},
title={Experiment 400 Target URLs},
howpublished={\url{https://github.com/JamshedVesuna/telemetry/blob/master/target_urls}}
}
@misc{har-waterfalls,
author={Jan Odvarko},
publisher = {Jan Odvarko},
title={HAR Viewer},
howpublished={\url{http://www.softwareishard.com/blog/har-viewer/}}
}
@inproceedings{wang2013demystifying,
  title={Demystifying Page Load Performance with WProf.},
  author={Wang, Xiao Sophia and Balasubramanian, Aruna and Krishnamurthy, Arvind and Wetherall, David},
  booktitle={NSDI},
  year={2013}
}
@unpublished{above-the-fold,
title= {Above the Fold Time: Measuring Web Page Performance Visually},
author = {Jake Brutlag, Zoe Abrams, Pat Meenan},
year = {2011},
URL= {http://assets.en.oreilly.com/1/event/62/Above%20the%20Fold%20Time_%20Measuring%20Web%20Page%20Performance%20Visually%20Presentation.pdf},
}
@misc{speed-index,
author={Google},
publisher = {Google},
title={Speed Index},
howpublished={\url{https://sites.google.com/a/webpagetest.org/docs/using-webpagetest/metrics/speed-index}}
}
@online{kissmetrics-speed,
  year={2011},
  author = {Kissmetrics},
  title = {How Loading Time Affects Your Bottom Line},
  url = {https://blog.kissmetrics.com/loading-time/},
  note = {Accessed: 2016-1-19}
}
@online{kissmetrics-conversion,
  year={2011},
  author = {Kissmetrics},
  title = {Speed Is A Killer – Why Decreasing Page Load Time Can Drastically Increase Conversions},
  url = {https://blog.kissmetrics.com/speed-is-a-killer/},
  note = {Accessed: 2016-1-19}
}
@online{plt-case-study,
  year={2011},
  author = {Surge Digital},
  title = {The Impact Of Page Loading Times On Site Revenue},
  url = {http://www.surgedigital.co.uk/blog/the-impact-of-page-loading-times-on-site-revenue/},
  note = {Accessed: 2016-1-20}
}
@online{plt-conversion,
  year={2012},
  author = {Global Dots},
  title = {How Website Speed Affects Conversion Rates},
  url = {http://www.globaldots.com/how-website-speed-affects-conversion-rates/},
  note = {Accessed: 2016-1-20}
}
@techreport{sarkar1987partitioning,
  title={Partitioning and scheduling parallel programs for execution on multiprocessors},
  author={Sarkar, Vivek},
  year={1987},
  institution={Stanford Univ., CA (USA)}
}
@article{web-perf-2,
  title={High-performance web sites},
  author={Souders, Steve},
  journal={Communications of the ACM},
  year={2008},
  publisher={ACM}
}
@inproceedings{web-perf-4-new-design,
  title={Fast and parallel webpage layout},
  author={Meyerovich, Leo A and Bodik, Rastislav},
  booktitle={Proceedings of the 19th international conference on World wide web},
  year={2010},
  organization={ACM}
}
@inproceedings{mobile-perf-1,
  title={Anatomizing application performance differences on smartphones},
  author={Huang, Junxian and Xu, Qiang and Tiwana, Birjodh and Mao, Z Morley and Zhang, Ming and Bahl, Paramvir},
  booktitle={Proceedings of the 8th international conference on Mobile systems, applications, and services},
  year={2010},
  organization={ACM}
}
@inproceedings{web-caching-1,
  title={Revisiting cacheability in times of user generated content},
  author={Ager, Bernhard and Schneider, Fabian and Kim, Juhoon and Feldmann, Anja},
  booktitle={INFOCOM IEEE Conference on Computer Communications Workshops, 2010},
  year={2010},
  organization={IEEE}
}
@inproceedings{web-caching-4-new-design,
  title={Network-aware forward caching},
  author={Erman, Jeffrey and Gerber, Alexandre and Hajiaghayi, Mohammad T and Pei, Dan and Spatscheck, Oliver},
  booktitle={Proceedings of the 18th international conference on World wide web},
  pages={291--300},
  year={2009},
  organization={ACM}
}
@Proceedings {web-caching-5-new-design,
author       = {Kaimin Zhang and Lu Wang and Aimin Pan and Bin Zhu},
month        = {April},
publisher    = {WWW 2010},
title        = {Smart Caching for Web Browsers},
url          = {http://research.microsoft.com/apps/pubs/default.aspx?id=130860},
year         = {2010},
}
@inproceedings{web-caching-latency-1-new-design,
  title={Summary cache: A scalable wide-area web cache sharing protocol},
  author={Fan, Li and Cao, Pei and Almeida, Jussara and Broder, Andrei Z},
  booktitle={ACM SIGCOMM Computer Communication Review},
  volume={28},
  year={1998},
  organization={ACM}
}
@article{web-caching-latency-2-new-design,
  title={Improving proxy cache performance: Analysis of three replacement policies},
  author={Dilley, John and Arlitt, Martin},
  journal={IEEE Internet Computing},
  year={1999},
  publisher={IEEE}
}
@article{web-caching-latency-3-new-design,
  title={A scalable low-latency cache invalidation strategy for mobile environments},
  author={Cao, Guohong},
  journal={Knowledge and Data Engineering, IEEE Transactions on},
  year={2003},
  publisher={IEEE}
}
@article{web-caching-latency-5-new-design,
  title={Proactive power-aware cache management for mobile computing systems},
  author={Cao, Guohong},
  journal={Computers, IEEE Transactions on},
  year={2002},
  publisher={IEEE}
}
@article{web-caching-latency-6-new-design,
  title={A novel caching scheme for improving internet-based mobile ad hoc networks performance},
  author={Lim, Sunho and Lee, Wang-Chien and Cao, Guohong and Das, Chita R},
  journal={Ad Hoc Networks},
  volume={4},
  number={2},
  pages={225--239},
  year={2006},
  publisher={Elsevier}
}
@misc{web-caching-latency-7-new-design,
  title={Semantics-based caching policy to minimize latency},
  author={Dharap, Chanda},
  year={1999},
  month=aug # "~16",
  publisher={Google Patents},
  note={US Patent App. 09/374,694}
}
@inproceedings{CPU-plt-1,
  title={Parallelizing the web browser},
  author={Jones, Christopher Grant and Liu, Rose and Meyerovich, Leo and Asanovic, Krste and Bodik, Rastislav},
  booktitle={Proceedings of the First USENIX Workshop on Hot Topics in Parallelism},
  year={2009}
}
@inproceedings{CPU-plt-2,
  title={Why are web browsers slow on smartphones?},
  author={Wang, Zhen and Lin, Felix Xiaozhu and Zhong, Lin and Chishtie, Mansoor},
  booktitle={Proceedings of the 12th Workshop on Mobile Computing Systems and Applications},
  pages={91--96},
  year={2011},
  organization={ACM}
}
@inproceedings{CPU-plt-3,
  title={How far can client-only solutions go for mobile browser speed?},
  author={Wang, Zhen and Lin, Felix Xiaozhu and Zhong, Lin and Chishtie, Mansoor},
  booktitle={Proceedings of the 21st international conference on World Wide Web},
  pages={31--40},
  year={2012},
  organization={ACM}
}
@article{web-caching-2,
  title={A survey of web caching schemes for the internet},
  author={Wang, Jia},
  journal={ACM SIGCOMM Computer Communication Review},
  year={1999},
  publisher={ACM}
}
@article{web-caching-3,
  title={Latency lags bandwith},
  author={Patterson, David A},
  journal={Communications of the ACM},
  year={2004},
  publisher={ACM}
}
@article{web-caching-4,
  title={Reducing WWW latency and bandwidth requirements by real-time distillation},
  author={Fox, Armando and Brewer, Eric A},
  journal={Computer Networks and ISDN Systems},
  volume={28},
  number={7},
  pages={1445--1456},
  year={1996},
  publisher={Elsevier}
}
@article{web-caching-5,
  title={Latency-sensitive hashing for collaborative Web caching},
  author={Wu, Kun-Lung and Philip, S Yu},
  journal={Computer Networks},
  year={2000},
  publisher={Elsevier}
}
@article{web-caching-6,
  title={Improving the WWW: caching or multicast?},
  author={Rodriguez, Pablo and Ross, Keith W and Biersack, Ernst W},
  journal={Computer Networks and ISDN Systems},
  year={1998},
  publisher={Elsevier}
}
@article{web-caching-7,
  title={Analysis of caching and replication strategies for web applications},
  author={Sivasubramanian, Swaminathan et al.},
  journal={Internet Computing, IEEE},
  volume={11},
  number={1},
  pages={60--66},
  year={2007},
  publisher={IEEE}
}
@inproceedings{web-caching-8,
  title={Analyzing caching benefits for YouTube traffic in edge networks—A measurement-based evaluation},
  author={Braun, Lothar and Klein, Alexander and Carle, Georg and Reiser, Helmut and Eisl, Jochen},
  booktitle={Network Operations and Management Symposium (NOMS), 2012 IEEE},
  pages={311--318},
  year={2012},
  organization={IEEE}
}
@inproceedings{web-caching-9,
  title={Cost-Aware WWW Proxy Caching Algorithms.},
  author={Cao, Pei and Irani, Sandy},
  booktitle={Usenix symposium on internet technologies and systems},
  volume={12},
  number={97},
  pages={193--206},
  year={1997}
}
@book{web-perf-3,
  title={Web Performance Tuning: speeding up the web},
  author={Killelea, Patrick},
  year={2002},
  publisher={`` O'Reilly Media, Inc."}
}